<collection xmlns="http://www.loc.gov/MARC21/slim">
   <record>
      <leader>01671cam a2200337 i 45 0</leader>
      <controlfield tag="001">6798915</controlfield>
      <controlfield tag="005">20150128111327.0</controlfield>
      <controlfield tag="008">141017s2015    miu      b    001 0 eng  </controlfield>
      <datafield ind1=" " ind2=" " tag="010">
         <subfield code="a">  2014039160</subfield>
      </datafield>
      <datafield ind1=" " ind2=" " tag="020">
         <subfield code="a">9780802872104 (pbk. : alk. paper)</subfield>
      </datafield>
      <datafield ind1=" " ind2=" " tag="035">
         <subfield code="a">ocn887851939</subfield>
      </datafield>
      <datafield ind1=" " ind2=" " tag="040">
         <subfield code="a">DLC</subfield>
         <subfield code="b">eng</subfield>
         <subfield code="c">DLC</subfield>
         <subfield code="e">rda</subfield>
         <subfield code="d">AESJC</subfield>
      </datafield>
      <datafield ind1=" " ind2=" " tag="042">
         <subfield code="a">pcc</subfield>
      </datafield>
      <datafield ind1="0" ind2="0" tag="050">
         <subfield code="a">BX830 1962</subfield>
         <subfield code="b">.N626 2015</subfield>
      </datafield>
      <datafield ind1="0" ind2="0" tag="082">
         <subfield code="a">262/.52</subfield>
         <subfield code="2">23</subfield>
      </datafield>
      <datafield ind1=" " ind2=" " tag="090">
         <subfield code="a">BX 830 1962 N626 2015</subfield>
         <subfield code="b">AESJC</subfield>
      </datafield>
      <datafield ind1="1" ind2=" " tag="100">
         <subfield code="a">Norwood, Donald W.,</subfield>
         <subfield code="d">1940-</subfield>
         <subfield code="0">http://id.loc.gov/authorities/names/n2014064653</subfield>
         <subfield code="0">http://viaf.org/viaf/311458835</subfield>
      </datafield>
      <datafield ind1="1" ind2="0" tag="245">
         <subfield code="a">Reforming Rome :</subfield>
         <subfield code="b">Karl Barth and Vatican II /</subfield>
         <subfield code="c">Donald W. Norwood.</subfield>
      </datafield>
      <datafield ind1=" " ind2="1" tag="264">
         <subfield code="a">Grand Rapids, Michigan :</subfield>
         <subfield code="b">William B. Eerdmans Publishing Company,</subfield>
         <subfield code="c">2015.</subfield>
      </datafield>
      <datafield ind1=" " ind2=" " tag="300">
         <subfield code="a">xxi, 263 pages ;</subfield>
         <subfield code="c">23 cm.</subfield>
      </datafield>
      <datafield ind1=" " ind2=" " tag="336">
         <subfield code="a">text</subfield>
         <subfield code="b">txt</subfield>
         <subfield code="2">rdacontent</subfield>
         <subfield code="0">http://id.loc.gov/vocabulary/contentTypes/txt</subfield>
      </datafield>
      <datafield ind1=" " ind2=" " tag="337">
         <subfield code="a">unmediated</subfield>
         <subfield code="b">n</subfield>
         <subfield code="2">rdamedia</subfield>
         <subfield code="0">http://id.loc.gov/vocabulary/mediaTypes/n</subfield>
      </datafield>
      <datafield ind1=" " ind2=" " tag="338">
         <subfield code="a">volume</subfield>
         <subfield code="b">nc</subfield>
         <subfield code="2">rdacarrier</subfield>
         <subfield code="0">http://id.loc.gov/vocabulary/carriers/nc</subfield>
      </datafield>
      <datafield ind1=" " ind2=" " tag="504">
         <subfield code="a">Includes bibliographical references (pages 233-257) and indexes.</subfield>
      </datafield>
      <datafield ind1=" " ind2=" " tag="596">
         <subfield code="a">49</subfield>
      </datafield>
      <datafield ind1="1" ind2="0" tag="600">
         <subfield code="a">Barth, Karl,</subfield>
         <subfield code="d">1886-1968</subfield>
         <subfield code="x">Influence.</subfield>
         <subfield code="0">http://id.loc.gov/authorities/names/n79069765</subfield>
      </datafield>
      <datafield ind1="2" ind2="0" tag="611">
         <subfield code="a">Vatican Council</subfield>
         <subfield code="n">(2nd :</subfield>
         <subfield code="d">1962-1965 :</subfield>
         <subfield code="c">Basilica di San Pietro in Vaticano)</subfield>
         <subfield code="0">http://id.loc.gov/authorities/names/n79084169</subfield>
      </datafield>
      <datafield ind1=" " ind2="0" tag="650">
         <subfield code="a">Church renewal.</subfield>
         <subfield code="0">http://id.loc.gov/authorities/subjects/sh85025743</subfield>
      </datafield>
      <datafield ind1=" " ind2=" " tag="758">
         <subfield code="0">http://worldcat.org/entity/work/id/24503724</subfield>
      </datafield>
      <datafield ind1="0" ind2=" " tag="787">
         <subfield code="n">OCLC Work Id</subfield>
         <subfield code="o">http://worldcat.org/entity/work/id/24503724</subfield>
      </datafield>
      <datafield ind1=" " ind2=" " tag="926">
         <subfield code="a">BX 830 1962 N626 2015</subfield>
         <subfield code="w">LC</subfield>
         <subfield code="c">1</subfield>
         <subfield code="i">0160000520249</subfield>
         <subfield code="d">5/5/2015</subfield>
         <subfield code="e">3/16/2015</subfield>
         <subfield code="l">ON_SHELF</subfield>
         <subfield code="m">UASJC</subfield>
         <subfield code="n">1</subfield>
         <subfield code="r">Y</subfield>
         <subfield code="s">Y</subfield>
         <subfield code="t">BOOK</subfield>
         <subfield code="u">2/9/2015</subfield>
      </datafield>
   </record>
</collection>
